% Laboratorio 05

@manual{ST,
organization = "Nordic:Semiconductor",
title = {{nRF52840 Product Specification}},
note = "2019. Disponible en: {\url{https://docs.nordicsemi.com/bundle/nRF52840_PS_v1.1/resource/nRF52840_PS_v1.1.pdf}}"
}

@misc{OV,
author = {{Arduino}},
title = {{Arducam 0.3MP OV7675 20-pin DVP Camera Module}},
year = {s.f.},
howpublished = {\url{https://store-usa.arduino.cc/products/arducam-camera-module?selectedStore=us}}
}

@misc{TML,
author = {{Baeldung}},
title = {{What Is TinyML?}},
year = {2024},
howpublished = {\url{https://www.baeldung.com/cs/tinyml}}
}

@misc{TFL,
author = {{TensorFlow}},
title = {{TensorFlow Lite}},
year = {s.f.},
howpublished = {\url{https://www.tensorflow.org/lite/guide}}
}

@misc{EIP,
author = {{Edge Impulse}},
title = {{Learning blocks}},
year = {s.f.},
howpublished = {\url{https://docs.edgeimpulse.com/docs/edge-impulse-studio/learning-blocks#neural-network-settings}}
}

@book{jimenez2021introduccion,
  title={Introducci{\'o}n al machine learning con MATLAB},
  author={Cuevas-Jim{\'e}nez, Erik},
  year={2021},
  publisher={Marcombo}
}

@misc{Impulse_2020, title={{What is Edge Impulse and tinyML?}}, howpublished={\url{https://www.youtube.com/watch?v=_1Pl6TmJugE}}, publisher={Youtube}, author={{Edge Impulse}}, year={2020}, month=nov}

@misc{arduino_nano33_ble_sense_datasheet,
    title = {Arduino Nano 33 BLE Sense Datasheet},
    howpublished = {\url{https://docs.arduino.cc/resources/datasheets/ABX00031-datasheet.pdf}}
}

@misc{Adding_sight_to_your_sensors,
    title = {Adding sight to your sensors},
    howpublished = {\url{https://docs.edgeimpulse.com/docs/tutorials/end-to-end-tutorials/image-classification}},
    author={{Edge Impulse}}
}
