% Laboratorio 02

@manual{AT,
organization = "Atmel",
title = "ATmega328P: 8-bit AVR Microcontroller with 32K Bytes In-System Programmable Flash",
note = "7810D-AVR-01/15, 2015. Disponible en: {\url{http://ww1.microchip.com/downloads/en/DeviceDoc/Atmel-7810-Automotive-Microcontrollers-ATmega328P_Datasheet.pdf}}"
}

@misc{pullU,
author = {{EEPower}},
title = {{Pull-up and Pull-down Resistors}},
year = {s.f.},
note={Accessed: April 01, 2024}, 
howpublished = {\url{https://eepower.com/resistor-guide/resistor-applications/pull-up-resistor-pull-down-resistor/#}}
}

@misc{RC,
author = {{All About Circuits}},
title = {{Switch Bounce and How to Deal with It}},
year = {2015},
note={Accessed: April 01, 2024}, 
howpublished = {\url{https://www.allaboutcircuits.com/technical-articles/%20switch-bounce-how-to-deal-with-it/}}
}


@misc{Forrest,
title={{PID\_v1\_bc}}, 
howpublished={\url{https://www.arduino.cc/reference/en/libraries/pid_v1_bc/}},
journal={Arduino.cc}, 
author={Forrest, David}, 
language={en}
}
@misc{Rodrigues,
title={{PCD8544}},
howpublished={\url{https://www.arduino.cc/reference/en/libraries/pcd8544/}},
journal={Arduino.cc},
author={Rodrigues, Carlos},
language={en}
}