% Laboratorio 02

@manual{AT,
organization = {Atmel},
title = {8-bit Microcontroller with 2/4K Bytes In-System Programmable Flash},
note = "8246B–AVR–09/11, 2011. Disponible en: {\url{https://ww1.microchip.com/downloads/en/DeviceDoc/doc8246.pdf}}"
}

@misc{pullU,
author = {{EEPower}},
title = {{Pull-up and Pull-down Resistors}},
year = {s.f.},
note={Accessed: April 01, 2024}, 
howpublished = {\url{https://eepower.com/resistor-guide/resistor-applications/pull-up-resistor-pull-down-resistor/#}}
}

@misc{RC,
author = {{All About Circuits}},
title = {{Switch Bounce and How to Deal with It}},
year = {2015},
note={Accessed: April 01, 2024}, 
howpublished = {\url{https://www.allaboutcircuits.com/technical-articles/%20switch-bounce-how-to-deal-with-it/}}
}

@article{alavi2016maquinas,
  title={M{\'a}quinas de Estado Finito},
  author={Alavi, Mariluna and Aliaga, Sofia and Murga, Monica},
  journal={Revista de Investigaci{\'o}n Estudiantil Iluminate},
  volume={8},
  pages={41},
  year={2016}
}

@misc{Maquinadeestados,
title={Introducción a las state machines},
author={MathWorks},
howpublished = {\url{https://la.mathworks.com/discovery/state-machine.html}},
journal={Mathworks.com},
note={Accessed: April 11, 2024}, 
language={es}
}