% Laboratorio 02

@manual{ST,
organization = "STMicroelectronics",
title = {{STM32F429xx ARM Cortex-M4 32b MCU+FPU, 225DMIPS, up to 2MB Flash/256+4KB RAM, USB OTG HS/FS, Ethernet, 17 TIMs, 3 ADCs, 20 comm. interfaces, camera \& LCD-TFT}},
note = "2018. Disponible en: {\url{https://www.st.com/resource/en/datasheet/stm32f427vg.pdf}}"
}
@manual{libopencm3,title = "Libopencm3: Open source ARM Cortex-M microcontroller library", language={en}, note ="Disponible en: {\url{https://github.com/libopencm3/libopencm3/tree/master}}"
} }
@manual{L3,
organization = "STMicroelectronics",
title = "MEMS motion sensor:
three-axis digital output gyroscope",
note = "2013. Disponible en: {\url{https://www.st.com/resource/en/datasheet/l3gd20.pdf}}"
}

@misc{pullU,
author = {{EEPower}},
title = {{Pull-up and Pull-down Resistors}},
year = {s.f.},
note={Accessed: April 01, 2024}, 
howpublished = {\url{https://eepower.com/resistor-guide/resistor-applications/pull-up-resistor-pull-down-resistor/#}}
}

@misc{DT,
author = {Willy McAllister},
title = {{Divisor de voltaje}},
year = {s.f.},
howpublished = {\url{https://es.khanacademy.org/science/electrical-engineering/ee-circuit-analysis-topic/ee-resistor-circuits/a/ee-voltage-divider}}
}

@misc{ADA,
author = {Bill Earl},
title = {{Adafruit Triple Axis Gyro Breakout}},
year = {2013},
howpublished = {\url{https://learn.adafruit.com/adafruit-triple-axis-gyro-breakout/arduino}}
}

@misc{RC,
author = {{All About Circuits}},
title = {{Switch Bounce and How to Deal with It}},
year = {2015},
note={Accessed: April 01, 2024}, 
howpublished = {\url{https://www.allaboutcircuits.com/technical-articles/%20switch-bounce-how-to-deal-with-it/}}
}


@misc{Forrest,
title={{PID\_v1\_bc}}, 
howpublished={\url{https://www.arduino.cc/reference/en/libraries/pid_v1_bc/}},
journal={Arduino.cc}, 
author={Forrest, David}, 
language={en}
}
@misc{Rodrigues,
title={{PCD8544}},
howpublished={\url{https://www.arduino.cc/reference/en/libraries/pcd8544/}},
journal={Arduino.cc},
author={Rodrigues, Carlos},
language={en}
}

@article{madakam2015internet,
  title={Internet of Things (IoT): A literature review},
  author={Madakam, Somayya and Ramaswamy, Ramya and Tripathi, Siddharth},
  journal={Journal of Computer and Communications},
  volume={3},
  number={5},
  pages={164--173},
  year={2015},
  publisher={Scientific Research Publishing}
}